<record><leader>00000cas a22000007a 4500</leader><controlfield tag="001">40866818</controlfield><controlfield tag="008">990226d19201944sdudn ne      0    0eng d</controlfield><datafield ind1=" " ind2=" " tag="010"><subfield code="a">sn 99062806 </subfield></datafield><datafield ind1=" " ind2=" " tag="040"><subfield code="a">SXN</subfield><subfield code="b">eng</subfield><subfield code="c">SXN</subfield><subfield code="d">OCLCF</subfield><subfield code="d">OCLCO</subfield></datafield><datafield ind1="1" ind2=" " tag="029"><subfield code="a">AU@</subfield><subfield code="b">000020041676</subfield></datafield><datafield ind1=" " ind2=" " tag="042"><subfield code="a">msc</subfield></datafield><datafield ind1="0" ind2="4" tag="245"><subfield code="a">The evening Huronite.</subfield></datafield><datafield ind1="1" ind2=" " tag="246"><subfield code="i">Sunday issues for 1920-June 12, 1921 have title:</subfield><subfield code="a">Sunday Huronite</subfield></datafield><datafield ind1=" " ind2=" " tag="260"><subfield code="a">Huron, S.D. :</subfield><subfield code="b">Bowen Pub. Co.,</subfield><subfield code="c">1920-1944.</subfield></datafield><datafield ind1=" " ind2=" " tag="300"><subfield code="a">v.</subfield></datafield><datafield ind1=" " ind2=" " tag="310"><subfield code="a">Daily (except Sun.)</subfield><subfield code="b">June 13, 1921-1944</subfield></datafield><datafield ind1=" " ind2=" " tag="321"><subfield code="a">Daily</subfield><subfield code="b">1920-June 12, 1921</subfield></datafield><datafield ind1="0" ind2=" " tag="362"><subfield code="a">Vol. 33, no. 22 (Apr. 15, 1920)-v. 58 (Sept. 15, 1944).</subfield></datafield><datafield ind1=" " ind2=" " tag="515"><subfield code="a">Issue numbering dropped &lt;Jan. 4, 1930&gt;.</subfield></datafield><datafield ind1=" " ind2=" " tag="530"><subfield code="a">Available on microfilm from: State Archives, South Dakota State Historical Society.</subfield></datafield><datafield ind1=" " ind2="0" tag="651"><subfield code="a">Huron (S.D.)</subfield><subfield code="v">Newspapers.</subfield></datafield><datafield ind1=" " ind2="0" tag="651"><subfield code="a">Beadle County (S.D.)</subfield><subfield code="v">Newspapers.</subfield></datafield><datafield ind1=" " ind2="7" tag="655"><subfield code="a">Newspapers.</subfield><subfield code="2">fast</subfield><subfield code="0">(OCoLC)fst01423814</subfield></datafield><datafield ind1=" " ind2="7" tag="651"><subfield code="a">South Dakota</subfield><subfield code="z">Beadle County.</subfield><subfield code="2">fast</subfield><subfield code="0">(OCoLC)fst01209185</subfield></datafield><datafield ind1=" " ind2="7" tag="651"><subfield code="a">South Dakota</subfield><subfield code="z">Huron.</subfield><subfield code="2">fast</subfield><subfield code="0">(OCoLC)fst01215488</subfield></datafield><datafield ind1=" " ind2=" " tag="752"><subfield code="a">United States</subfield><subfield code="b">South Dakota</subfield><subfield code="c">Beadle</subfield><subfield code="d">Huron.</subfield></datafield><datafield ind1="0" ind2="0" tag="780"><subfield code="t">Daily Huronite</subfield><subfield code="w">(DLC)sn 99062804</subfield></datafield><datafield ind1="0" ind2="0" tag="785"><subfield code="t">Daily Huronite and plainsman</subfield><subfield code="w">(DLC)sn 99062807</subfield></datafield></record>